<?xml version="1.0" encoding="UTF-8" ?>
<collection xmlns:xsi="http://www.w3.org/2001/XMLSchema-instance" xsi:schemaLocation="http://www.loc.gov/MARC21/slim http://www.loc.gov/standards/marcxml/schema/MARC21slim.xsd" xmlns="http://www.loc.gov/MARC21/slim">
   <record>
      <leader>     cam a22        4500</leader>
      <controlfield tag="001">3760816</controlfield>
      <controlfield tag="003">COO</controlfield>
      <controlfield tag="005">20140802210210.0</controlfield>
      <controlfield tag="008">900912s1939    ua       b    000 0 arar </controlfield>
      <datafield tag="010" ind1=" " ind2=" ">
         <subfield code="a">   60025488  </subfield>
      </datafield>
      <datafield tag="035" ind1=" " ind2=" ">
         <subfield code="a">(NIC)notisASX9116</subfield>
      </datafield>
      <datafield tag="035" ind1=" " ind2=" ">
         <subfield code="a">(OCoLC)22365985</subfield>
      </datafield>
      <datafield tag="035" ind1=" " ind2=" ">
         <subfield code="a">3760816</subfield>
      </datafield>
      <datafield tag="040" ind1=" " ind2=" ">
         <subfield code="a">DLC</subfield>
         <subfield code="c">WAU</subfield>
         <subfield code="d">NIC</subfield>
      </datafield>
      <datafield tag="043" ind1=" " ind2=" ">
         <subfield code="a">a-ye---</subfield>
      </datafield>
      <datafield tag="050" ind1="0" ind2=" ">
         <subfield code="a">DS247.Y47</subfield>
         <subfield code="b">A75 1939</subfield>
      </datafield>
      <datafield tag="100" ind1="1" ind2=" ">
         <subfield code="a">ʻArshī, Ḥusayn ibn Aḥmad.</subfield>
      </datafield>
      <datafield tag="245" ind1="0" ind2="0">
         <subfield code="a">Kitāb bulūgh al-marām fī sharḥ misk al-khiṭām fī man tawallá malik al-Yaman min malik wa-imām,</subfield>
         <subfield code="c">taʾlīf Ḥusayn ibn Aḥmad al-ʻArshī, wa-qad khatama ḥawādithahu fī sanat 1318 H. / 1900 M. ʾUniya bi-nashrihi Anastās Mārī al-Kirmilī, fa-awṣala ḥawādithahu ilá akhir shahr Rabīʻ al-awwal 1358 lil-Hijrah al-muwāfiq li-muntaṣaf Ayyār (Māyū) sanat 1939 lil-milād.</subfield>
      </datafield>
      <datafield tag="260" ind1=" " ind2=" ">
         <subfield code="a">al-Qāhirah,</subfield>
         <subfield code="b">ṭubiʻa fī Maṭbaʻat al-Birtīrī, yubāʻu fī Maktabat Lūwīs Sarkīs,</subfield>
         <subfield code="c">1939.</subfield>
      </datafield>
      <datafield tag="300" ind1=" " ind2=" ">
         <subfield code="a">4, 442 p.</subfield>
         <subfield code="c">25 cm.</subfield>
      </datafield>
      <datafield tag="500" ind1=" " ind2=" ">
         <subfield code="a">Added t.p.: Bulugh al-maram fi sharh misk al-khitam fi man tawalla mulk al-Yemen min melik wa-imam; ou, Le but atteint en étudiant le commentaire de la poésie historique des rois et imams de l&apos;Yémen, par Hussein ibn Ahmed al Archiy, jusqu&apos;à l&apos;an 1318 de l&apos;hégire (1900) Ouvrage complété jusqu&apos;à la mi-juin 1939 et enrichi de notes lexicographiques, scientifiques et littéraires par le P. Anastase-Marie de St-Élie.</subfield>
      </datafield>
      <datafield tag="504" ind1=" " ind2=" ">
         <subfield code="a">Bibliography: p. 318-320.</subfield>
      </datafield>
      <datafield tag="651" ind1=" " ind2="0">
         <subfield code="a">Yemen (Republic)</subfield>
         <subfield code="x">History.</subfield>
      </datafield>
      <datafield tag="700" ind1="1" ind2=" ">
         <subfield code="a">Anistās Mārī,</subfield>
         <subfield code="c">al-Karmilī, ab,</subfield>
         <subfield code="d">1866-1947.</subfield>
      </datafield>
      <datafield tag="740" ind1="0" ind2=" ">
         <subfield code="a">Bulūgh al-marām fī sharḥ misk al-khitām.</subfield>
      </datafield>
      <datafield tag="905" ind1=" " ind2=" ">
         <subfield code="a">20000216120000.0</subfield>
      </datafield>
      <datafield tag="948" ind1="2" ind2=" ">
         <subfield code="a">20121023</subfield>
         <subfield code="b">m</subfield>
         <subfield code="d">batch</subfield>
         <subfield code="e">lts</subfield>
         <subfield code="x">remove999</subfield>
      </datafield>
      <datafield tag="950" ind1=" " ind2=" ">
         <subfield code="l">OLIN</subfield>
         <subfield code="x">9999</subfield>
         <subfield code="a">DS247.Y4</subfield>
         <subfield code="b">A78</subfield>
      </datafield>
      <datafield tag="903" ind1=" " ind2=" ">
         <subfield code="a">NYUACO</subfield>
         <subfield code="d">20141028</subfield>
         <subfield code="p">31924028605156</subfield>
      </datafield>
      <datafield tag="950" ind1=" " ind2=" ">
         <subfield code="a">DS247.Y4</subfield>
         <subfield code="b">A78</subfield>
         <subfield code="v"> </subfield>
      </datafield>
   </record>
</collection>
